<?xml version="1.0" encoding="UTF-8"?><collection xmlns="http://www.loc.gov/MARC21/slim"><record><leader>00335nam--2200121-i-4500</leader><controlfield tag="001">000046768</controlfield><controlfield tag="002">20161230</controlfield><controlfield tag="005">20161230201046</controlfield><controlfield tag="008">060222s1000------------r-----000-0-eng-d</controlfield><datafield ind1=" " ind2=" " tag="100"><subfield code="a">Vogel,Heinrich</subfield></datafield><datafield ind1=" " ind2=" " tag="245"><subfield code="a">Zum philosophischen wirken max plancks. sein kritik am positivismus</subfield></datafield><datafield ind1=" " ind2=" " tag="260"><subfield code="a">Berlin, Akad.-verlag, 1961. 255 P</subfield></datafield><datafield ind1=" " ind2=" " tag="852"><subfield code="a">3825</subfield></datafield></record></collection>